<?xml version="1.0" encoding="UTF-8"?><collection xmlns="http://www.loc.gov/MARC21/slim"><record><leader>00337nam--2200121-i-4500</leader><controlfield tag="001">000019544</controlfield><controlfield tag="002">20161230</controlfield><controlfield tag="005">20161230201033</controlfield><controlfield tag="008">060222s1000------------r-----000-0-eng-d</controlfield><datafield ind1=" " ind2=" " tag="100"><subfield code="a">Jaeger,G.R</subfield></datafield><datafield ind1=" " ind2=" " tag="260"><subfield code="a">Engineering Compendium On Radiation Shielding. Shieldind Materials</subfield></datafield><datafield ind1=" " ind2=" " tag="490"><subfield code="a">Berlin, Springer-verlag,X + 436 P</subfield></datafield><datafield ind1=" " ind2=" " tag="700"><subfield code="a">Blizard,E.P</subfield></datafield></record></collection>